    
    @BOOK{oaks,
      author       = "Scott Oaks",
      title        = "Java Security",
      year         = "1998",
      note         = "1-56592-403-7E",
      publisher    = "O'Reilly",
      howpublished = "{\tt http://docstore.mik.ua/orelly/java-ent/security/index.htm}",
    }
    
    @MISC{refClassLoader,
      author       = "Oracle",
      title        = "Java™ Platform, Standard Edition 7 API Specification [online]",
      publisher    = "Oracle",
      year         = "[cit. 2013-12-11]",
      howpublished = "{\tt http://docs.oracle.com/javase/7/docs/api/java/lang/ClassLoader.html}",
    }
    
    @MISC{sourceSecureClassLoader,
      author       = "Li Gong, Roland Schemers",
      title        = "OpenJDK source [online]",
      publisher    = "Oracle",
      year         = "[cit. 2013-12-11]",
      howpublished = "{\tt http://http://grepcode.com/file/repository.grepcode.com/java/root/jdk/openjdk/7-b147/java/security/SecureClassLoader.java}",
    }
    
    @MISC{refPolicyFiles,
      author       = "Oracle",
      title        = "Java™ Platform, Standard Edition 7 API Specification [online]",
      publisher    = "Oracle",
      year         = "[cit. 2013-12-14]",
      howpublished = "{\tt http://docs.oracle.com/javase/7/docs/technotes/guides/security/PolicyFiles.html}",
    }
    
    @MISC{refSecurity,
      author       = "Oracle",
      title        = "Java™ Platform, Standard Edition 7 API Specification [online]",
      publisher    = "Oracle",
      year         = "[cit. 2013-12-19]",
      howpublished = "{\tt http://docs.oracle.com/javase/7/docs/technotes/guides/deployment/deployment-guide/security.html}",
    }
    
    @MISC{jdkdocPolicyFiles,
      author       = "Oracle",
      title        = "Default Policy Implementation and Policy File Syntax [online]",
      publisher    = "Oracle",
      year         = "[cit. 2013-12-14]",
      howpublished = "{\tt http://download.java.net/jdk8/docs/technotes/guides/security/PolicyFiles.html}",
    }
    
    @MISC{jdkdocPrivilegedBlocks,
      author       = "Oracle",
      title        = "API for Privileged Blocks [online]",
      publisher    = "Oracle",
      year         = "[cit. 2013-12-14]",
      howpublished = "{\tt http://download.java.net/jdk8/docs/technotes/guides/security/doprivileged.html}",
    }
    
    @MISC{refAccessController,
      author       = "Oracle",
      title        = "Java™ Platform, Standard Edition 7 API Specification [online]",
      publisher    = "Oracle",
      year         = "[cit. 2013-12-14]",
      howpublished = "{\tt http://docs.oracle.com/javase/7/docs/api/java/security/AccessController.html}",
    }
    
    @MISC{tutorialsTSM,
      author       = "Oracle",
      title        = "The Java™ Tutorials: The Security Manager [online]",
      publisher    = "Oracle",
      year         = "[cit. 2014-01-15]",
      howpublished = "{\tt http://docs.oracle.com/javase/tutorial/essential/environment/security.html}",
    }
    
    @MISC{refPolicy,
      author       = "Oracle",
      title        = "Java™ Platform, Standard Edition 7 API Specification [online]",
      publisher    = "Oracle",
      year         = "[cit. 2013-12-19]",
      howpublished = "{\tt http://docs.oracle.com/javase/7/docs/api/java/security/Policy.html}",
    }
    
    @MISC{wildflyAdminGuide,
      title        = "WildFly 8 Admin Guide [online]",
      year         = "[cit. 2013-12-19]",
      howpublished = "{\tt https://docs.jboss.org/author/display/WFLY8/Admin+Guide}",
    }
    
    @MISC{theServerSideAppServer,
      title        = "TheServerSide.com: What is an App Server? [online]",
      year         = "[cit. 2014-02-12]",
      howpublished = "{\tt http://www.theserverside.com/news/1363671/What-is-an-App-Server}",
    }
    
    @MISC{jbossDomainSetup,
      title        = "JBoss AS 7: Domain Setup [online]",
      year         = "[cit. 2014-02-12]",
      howpublished = "{\tt https://docs.jboss.org/author/display/AS7/Domain+Setup}",
    }
    
    @MISC{jbossDetypedManagement,
      title        = "JBoss AS 7: Detyped management and the jboss-dmr library [online]",
      year         = "[cit. 2014-03-05]",
      howpublished = "{\tt https://docs.jboss.org/author/display/AS7/Detyped+management+and+the+jboss-dmr+library}",
    }

    @MISC{jbossExtending,
      title        = "JBoss AS 7: Extending JBoss AS 7 [online]",
      year         = "[cit. 2014-03-05]",
      howpublished = "{\tt https://docs.jboss.org/author/display/AS71/Extending+JBoss+AS+7}",
    }
    
    @MISC{jbossSecurityManager,
      title        = "jboss.org: Running JBoss with a Java 2 security manager [online]",
      year         = "[cit. 2014-02-15]",
      howpublished = "{\tt https://docs.jboss.org/jbossas/docs/Server\_Configuration\_Guide/4/html/Security\_on\_JBoss-Running\_JBoss\_with\_a\_Java\_2\_security\_manager.html}",
    }
    
    
    
    
    
    
    ############################################################################
    
    @BOOK{Pravidla,
      author =       "{Kolektiv autorů}",
      title =        "Pravidla českého pravopisu",
      publisher =    "Academia",
      year =         "2005",
      note =         "ISBN~80-200-1327-X",
    }
    
    @BOOK{Knuth,
      author =       "Donald E. Knuth",
      title =        "The {\TeX}book",
      publisher =    "Addison-Wesley Publishing Company",
      year =         "1996",
      note =         "ISBN~0-201-13447-0",
    }
    
    @BOOK{Rybicka,
      author =       "Jiří Rybička",
      title =        "{\LaTeX} pro začátečníky",
      publisher =    "Konvoj",
      year =         "1999",
      note =         "ISBN~80-85615-77-0",
    }

    @BOOK{Olsak,
      author =       "Petr Olšák",
      title =        "{\TeX}book naruby",
      publisher =    "Konvoj",
      year =         "2001",
      note =         "ISBN~80-7302-0007-6",
    }

    @BOOK{Eikh,
      author =       "Victor Eikhout",
      title =        "{\TeX}by Topics, a {\TeX}nitian's Reference ",
      publisher =    "Addison-Wesley UK",
      year =         "2001",
      note =         "ISBN~0-201-56882-9",
    }

   @MISC{cstugWeb,
      author =       "{WWW stránky}",  
      title =        "Československé sdružení uživatelů {\TeX}u",
      howpublished=  "{\tt http://www.cstug.cz}",
   }

   @MISC{fitWeb,
      author =       "Z. Rábová and P. Hanáček and P. Peringer and P. Přikryl and B. Křena",  
      title =        "Užitečné rady pro psaní odborného textu [online]",
      publisher =    "FIT VUT v Brně",
      year =         "2008-11-01 [cit. 2008-11-28]",
      howpublished=  "{\tt http://www.fit.vutbr.cz/info/statnice/psani\_textu.html}",
   }
