    
    @BOOK{oaks,
      author       = "Scott Oaks",
      title        = "Java Security",
      year         = "1998",
      note         = "ISBN~1-56592-403-7E",
      publisher    = "O'Reilly",
      howpublished = "\url{http://docstore.mik.ua/orelly/java-ent/security/index.htm}",
    }
    
    @BOOK{ssh,
      author       = "Daniel J. Barrett, Richard E. Silverman",
      title        = "The Secure Shell: The Definitive Guide",
      year         = "2001",
      note         = "0-596-00011-1",
      publisher    = "O'Reilly",
      howpublished = "\url{http://docstore.mik.ua/orelly/networking_2ndEd/ssh/index.htm}",
    }
    
    @MISC{sourceSecureClassLoader,
      author       = "Li Gong, Roland Schemers",
      title        = "OpenJDK source: java.security.SecureClassLoader [online]",
      publisher    = "Oracle",
      year         = "[cit. 2013-12-11]",
      howpublished = "\url{http://grepcode.com/file/repository.grepcode.com/java/root/jdk/openjdk/7-b147/java/security/SecureClassLoader.java}",
    }
    
    @MISC{sourceClass,
      title        = "OpenJDK source: java.lang.Class [online]",
      publisher    = "Oracle",
      year         = "[cit. 2013-05-01]",
      howpublished = "\url{http://grepcode.com/file/repository.grepcode.com/java/root/jdk/openjdk/6-b14/java/lang/Class.java}",
    }
    
    @MISC{sourceCodeSource,
      author       = "Li Gong, Roland Schemers",
      title        = "OpenJDK source: java.security.CodeSource [online]",
      publisher    = "Oracle",
      year         = "[cit. 2014-04-01]",
      howpublished = "\url{http://grepcode.com/file/repository.grepcode.com/java/root/jdk/openjdk/7u40-b43/java/security/CodeSource.java}",
    }
    
    @MISC{sourceProtectionDomain,
      author       = "Li Gong, Roland Schemers, Gary Ellison",
      title        = "OpenJDK source: java.security.CodeSource [online]",
      publisher    = "Oracle",
      year         = "[cit. 2014-04-01]",
      howpublished = "\url{http://grepcode.com/file/repository.grepcode.com/java/root/jdk/openjdk/7u40-b43/java/security/ProtectionDomain.java}",
    }
    
    @MISC{sourceURLClassLoader,
      author       = "David Connelly",
      title        = "OpenJDK source: java.net.URLClassLoader [online]",
      publisher    = "Oracle",
      year         = "[cit. 2014-04-19]",
      howpublished = "\url{http://grepcode.com/file/repository.grepcode.com/java/root/jdk/openjdk/7u40-b43/java/security/ProtectionDomain.java}",
    }
    
    @MISC{sourceLauncher,
      title        = "OpenJDK source: sun.misc.Launcher [online]",
      publisher    = "Sun",
      year         = "[cit. 2014-04-22]",
      howpublished = "\url{http://grepcode.com/file/repository.grepcode.com/java/root/jdk/openjdk/6-b14/sun/misc/Launcher.java}",
    }
    
    @MISC{jdkdocPolicyFiles,
      author       = "Oracle",
      title        = "Default Policy Implementation and Policy File Syntax [online]",
      publisher    = "Oracle",
      year         = "[cit. 2013-12-14]",
      howpublished = "\url{http://download.java.net/jdk8/docs/technotes/guides/security/PolicyFiles.html}",
    }
    
    @MISC{jdkdocPrivilegedBlocks,
      author       = "Oracle",
      title        = "API for Privileged Blocks [online]",
      publisher    = "Oracle",
      year         = "[cit. 2013-12-14]",
      howpublished = "\url{http://download.java.net/jdk8/docs/technotes/guides/security/doprivileged.html}",
    }
    
    @MISC{refAccessController,
      author       = "Oracle",
      title        = "Java™ Platform, Standard Edition 7 API Specification: Class AccessController [online]",
      publisher    = "Oracle",
      year         = "[cit. 2013-12-14]",
      howpublished = "\url{http://docs.oracle.com/javase/7/docs/api/java/security/AccessController.html}",
    }
    
    @MISC{refUnresolvedPermission,
      author       = "Oracle",
      title        = "Java™ Platform, Standard Edition 7 API Specification: Class UnresolvedPermission [online]",
      publisher    = "Oracle",
      year         = "[cit. 2014-03-25]",
      howpublished = "\url{http://docs.oracle.com/javase/7/docs/api/java/security/UnresolvedPermission.html}",
    }
    
    @MISC{refPolicyFiles,
      author       = "Oracle",
      title        = "Java SE Documentation: Default Policy Implementation and Policy File Syntax [online]",
      publisher    = "Oracle",
      year         = "[cit. 2014-03-25]",
      howpublished = "\url{http://docs.oracle.com/javase/7/docs/technotes/guides/security/PolicyFiles.html}",
    }
    
    @MISC{refSecurity,
      author       = "Oracle",
      title        = "Java SE Documentation: Java Rich Internet Applications Guide -- Security [online]",
      publisher    = "Oracle",
      year         = "[cit. 2013-12-19]",
      howpublished = "\url{http://docs.oracle.com/javase/7/docs/technotes/guides/jweb/security/security.html}",
    }
    
    @MISC{refClassLoader,
      author       = "Oracle",
      title        = "Java™ Platform, Standard Edition 7 API Specification: Class ClassLoader [online]",
      publisher    = "Oracle",
      year         = "[cit. 2013-12-11]",
      howpublished = "\url{http://docs.oracle.com/javase/7/docs/api/java/lang/ClassLoader.html}",
    }
    
    @MISC{refThreadLocal,
      author       = "Oracle",
      title        = "Java™ Platform, Standard Edition 7 API Specification: Class ThreadLocal [online]",
      publisher    = "Oracle",
      year         = "[cit. 2014-04-10]",
      howpublished = "\url{http://docs.oracle.com/javase/7/docs/api/java/lang/ThreadLocal.html}",
    }
    
    @MISC{refSecurityManager,
      author       = "Oracle",
      title        = "Java™ Platform, Standard Edition 7 API Specification: Class SecurityManager [online]",
      publisher    = "Oracle",
      year         = "[cit. 2014-04-22]",
      howpublished = "\url{http://docs.oracle.com/javase/7/docs/api/java/lang/SecurityManager.html}",
    }
    
    @MISC{refInheritableThreadLocal,
      author       = "Oracle",
      title        = "Java™ Platform, Standard Edition 7 API Specification: Class InheritableThreadLocal [online]",
      publisher    = "Oracle",
      year         = "[cit. 2014-04-10]",
      howpublished = "\url{http://docs.oracle.com/javase/7/docs/api/java/lang/InheritableThreadLocal.html}",
    }
    
    @MISC{refPolicy,
      author       = "Oracle",
      title        = "Java™ Platform, Standard Edition 7 API Specification: Class Policy [online]",
      publisher    = "Oracle",
      year         = "[cit. 2013-12-19]",
      howpublished = "\url{http://docs.oracle.com/javase/7/docs/api/java/security/Policy.html}",
    }
    
    @MISC{tutorialsTSM,
      author       = "Oracle",
      title        = "The Java™ Tutorials: The Security Manager [online]",
      publisher    = "Oracle",
      year         = "[cit. 2014-01-15]",
      howpublished = "\url{http://docs.oracle.com/javase/tutorial/essential/environment/security.html}",
    }
    
    @MISC{wildflyAdminGuide,
      title        = "WildFly 8 Admin Guide [online]",
      year         = "[cit. 2013-12-19]",
      howpublished = "\url{https://docs.jboss.org/author/display/WFLY8/Admin+Guide}",
    }
    
    @MISC{wildflyManagementAPIreference,
      title        = "WildFly 8 Admin Guide -- API reference [online]",
      year         = "[cit. 2014-03-07]",
      howpublished = "\url{https://docs.jboss.org/author/display/WFLY8/Management+API+reference}",
    }
    
    @MISC{jbossDomainSetup,
      title        = "JBoss AS 7: Domain Setup [online]",
      year         = "[cit. 2014-02-12]",
      author       = "Kabir Khan, Brian Stansberry",
      howpublished = "\url{https://docs.jboss.org/author/display/AS7/Domain+Setup}",
    }
    
    @MISC{jbossDetypedManagement,
      title        = "JBoss AS 7: Detyped management and the jboss-dmr library [online]",
      year         = "[cit. 2014-03-05]",
      author       = "Brian Stansberry",
      howpublished = "\url{https://docs.jboss.org/author/display/AS7/Detyped+management+and+the+jboss-dmr+library}",
    }

    @MISC{wildflyExtending,
      title        = "WildFly 8: Extending WildFly 8 [online]",
      year         = "[cit. 2014-03-05]",
      author       = "Brian Stansberry",
      howpublished = "\url{https://docs.jboss.org/author/display/WFLY8/Extending+WildFly+8}",
    }
    
    @MISC{jbossSecurityManager,
      title        = "jboss.org: Running JBoss with a Java 2 security manager [online]",
      year         = "[cit. 2014-02-15]",
      howpublished = "\url{https://docs.jboss.org/jbossas/docs/Server\_Configuration\_Guide/4/html/Security\_on\_JBoss-Running\_JBoss\_with\_a\_Java\_2\_security\_manager.html}",
    }
    
    @MISC{ivsTest,
      title        = "Praktické aspekty vývoje software: Testování sofwaru [online]",
      author       = "Svatopluk Šperka and Petr Škoda",
      year         = "[cit. 2014-03-13]",
      howpublished = "\url{http://ivs.fit.vutbr.cz/02-testing.pdf}",
    }
    
    @MISC{javaEEspec,
      title        = "Java™ Platform, Enterprise Edition (Java EE) Specification, v7  [online]",
      author       = "Linda DeMichiel and Bill Shannon",
      year         = "[cit. 2014-03-15]",
      howpublished = "\url{https://java.net/downloads/javaee-spec/JavaEE\_Platform\_Spec\_EDR.pdf}",
    }
    
    @MISC{sourceWildFlySecurityManager,
      title        = "WildFly Security Manager source: org.wildfly.security.manager.WildFlySecurityManager [online]",
      year         = "[cit. 2014-04-10]",
      howpublished = "\url{https://github.com/wildfly/security-manager/blob/master/src/main/java/org/wildfly/security/manager/WildFlySecurityManager.java}",
    }
    
    @MISC{smPullRequest,
      title        = "wildfly/security-manager: CHECKING initialization to TRUE \#7 [online]",
      year         = "[cit. 2014-04-11]",
      author       = "Jan Kalina",
      howpublished = "\url{https://github.com/wildfly/security-manager/pull/7}",
    }
    
    @MISC{smPullRequestImpl,
      title        = "wildfly/security-manager: Enable checked mode by default [online]",
      year         = "[cit. 2014-04-11]",
      author       = "David M. Lloyd",
      howpublished = "\url{https://github.com/wildfly/security-manager/commit/f9dec14f40e0cbad54532b4dd578a9bd8bb6a11e}",
    }
    
    @MISC{jmPullRequest,
      title        = "jboss-modules/jboss-modules: Allowing use of non-static permissions \#48 [online]",
      year         = "[cit. 2014-04-26]",
      author       = "Jan Kalina",
      howpublished = "\url{https://github.com/jboss-modules/jboss-modules/pull/48}",
    }

    @MISC{jaasReference,
      title        = "Java Authentication and Authorization Service (JAAS) Reference Guide [online]",
      year         = "[cit. 2014-04-14]",
      howpublished = "\url{http://docs.oracle.com/javase/7/docs/technotes/guides/security/jaas/JAASRefGuide.html}",
    }
    
    @MISC{testsTypes,
      title        = "Types of Tests: Unit Tests, Integration Tests, System Tests [online]",
      year         = "[cit. 2014-04-17]",
      author       = "Shlomi Fish",
      howpublished = "\url{http://www.shlomifish.org/lecture/Perl/Newbies/lecture5/testing/types.html}",
    }
    
    @MISC{testsUnitVsInteg,
      title        = "Integration vs unit tests [online]",
      year         = "[cit. 2014-04-17]",
      author       = "Artem Smirnov",
      howpublished = "\url{http://www.codeproject.com/Articles/235724/Integration-vs-unit-tests}",
    }

    @MISC{jaccImplementating,
      title        = "Implementing container authorization in Java EE with JACC [online]",
      year         = "[cit. 2014-04-17]",
      author       = "Arjan Tijms",
      howpublished = "\url{http://arjan-tijms.blogspot.cz/2014/03/implementing-container-authorization-in.html}",
    }
    
    @MISC{jaccDef,
      title        = "The Java EE 6 Tutorial, Volume I: Java Authorization Service Provider Contract for Containers (Java ACC) [online]",
      year         = "[cit. 2014-04-18]",
      publisher    = "Oracle",
      howpublished = "\url{http://docs.oracle.com/cd/E19226-01/820-7627/girbe/index.html}",
    }
    
    @MISC{sourceModuleClassLoader,
      title        = "GitHub: jboss-modules / jboss-modules / src / main / java / org / jboss / modules / ModuleClassLoader.java [online]",
      year         = "[cit. 2014-04-19]",
      publisher    = "GitHub",
      howpublished = "\url{https://github.com/jboss-modules/jboss-modules/blob/453d89c8a9ddb226c9223f19274df71f3affbad6/src/main/java/org/jboss/modules/ModuleClassLoader.java}",
    }
    
    @MISC{binaryNameOfClass,
      title        = "Java Virtual Machine Specification: Chapter 4. The class File Format: 4.2. The Internal Form of Names [online]",
      year         = "[cit. 2014-04-20]",
      publisher    = "Oracle",
      howpublished = "\url{http://docs.oracle.com/javase/specs/jvms/se7/html/jvms-4.html}",
    }
    
    @MISC{jvmIntro,
      title        = "Java Virtual Machine Specification: Chapter 1. Introduction [online]",
      year         = "[cit. 2014-05-01]",
      publisher    = "Oracle",
      howpublished = "\url{http://docs.oracle.com/javase/specs/jvms/se7/html/jvms-1.html}",
    }
    
    @MISC{wildflyRename,
      title        = "Red Hat renames JBoss application server as WildFly [online]",
      year         = "[cit. 2014-04-20]",
      author       = "Neil McAllister",
      publisher    = "The Register",
      howpublished = "\url{http://www.theregister.co.uk/2013/04/22/jboss_as_becomes_wildfly/}",
    }
    
    @MISC{jbossLoadBalancing,
      title        = "WildFly 8: Load Balancing [online]",
      year         = "[cit. 2014-04-20]",
      author       = "Richard Achmatowicz",
      howpublished = "\url{https://docs.jboss.org/author/display/WFLY8/Load+Balancing}",
    }
    
    @MISC{javaSecurityArch,
      title        = "Java SE Documentation: 6 Security Management: 6.1 Managing Applets and Applications [online]",
      year         = "[cit. 2014-04-22]",
      publisher    = "Oracle",
      howpublished = "\url{http://docs.oracle.com/javase/7/docs/technotes/guides/security/spec/security-spec.doc6.html}",
    }
    
    @MISC{jboss7slideShare,
      title        = "JBoss Application Server 7 [online]",
      year         = "[cit. 2014-04-27]",
      publisher    = "slideshare",
      howpublished = "\url{http://www.slideshare.net/rayploski/jboss-application-server-7}",
    }
    
    @MISC{issueDelegating,
      title        = "PicketBox/SECURITY-778: DelegatingPolicy should delegate refresh() [online]",
      author       = "Jan Kalina",
      year         = "[cit. 2014-05-05]",
      howpublished = "\url{https://issues.jboss.org/browse/SECURITY-778}",
    }
    

